@Article{frankenhuis2022strategic,
  Year..2022.. = {2022},
  Title..strategic = {Strategic ambiguity in the social sciences},
  Author..frankenhuis. = {Frankenhuis, Willem and Panchanathan, Karthik and Smaldino, Paul E},
  Publisher..metaarxiv. = {MetaArXiv}
}


@Article{farrar2020trialling,
  Year..2020.. = {2020},
  Journal..animal = {Animal behavior and cognition},
  Author..farrar. = {Farrar, Benjamin G and Altschul, Drew M and Fischer, Julia and Van Der Mescht, Jol{\'e}ne and Plac{\`\i}, Sarah and Troisi, Camille A and Vernouillet, Aliz{\'e}e and Clayton, Nicola S and Ostoji{\'c}, Ljerka},
  Title..trialling = {Trialling meta-research in comparative cognition: Claims and statistical inference in animal physical cognition},
  Volume..7.. = {7},
  Number..3.. = {3},
  Pages..419.. = {419},
  Publisher..europe = {Europe PMC Funders}
}


@Article{lambert2022manybirds,
  Year..2022.. = {2022},
  Volume..9.. = {9},
  Journal..animal = {Animal Behavior and Cognition},
  Title..manybirds. = {ManyBirds: A multi-site collaborative Open Science approach to avian cognition and behavior research},
  Author..lambert. = {Lambert, Megan and Farrar, Benjamin and Garcia-Pelegrin, Elias and Reber, Stephan and Miller, Rachael},
  Number..1.. = {1},
  Pages..133..152.. = {133--152},
  Publisher..animal = {Animal Behavior and Cognition}
}


@Article{brecht2021status,
  Title..the = {The status and value of replications in animal behavior science},
  Journal..animal = {Animal Behavior and Cognition},
  Year..2021.. = {2021},
  Publisher..animal = {Animal Behavior and Cognition},
  Author..brecht. = {Brecht, Katharina F and Legg, Edward W and Nawroth, Christian and Fraser, Hannah and Ostoji{\'c}, L},
  Volume..8.. = {8},
  Number..2.. = {2},
  Pages..97..106.. = {97--106}
}


@Article{farrar2020replications,
  Year..2020.. = {2020},
  Journal..animal = {Animal behavior and cognition},
  Author..farrar. = {Farrar, Benjamin G and Boeckle, Markus and Clayton, Nicola S},
  Volume..7.. = {7},
  Publisher..europe = {Europe PMC Funders},
  Number..1.. = {1},
  Title..replications = {Replications in comparative cognition: What should we expect and how can we improve?},
  Pages..1.. = {1}
}


@Article{spence1936nature,
  Title..the = {The nature of discrimination learning in animals.},
  Number..5.. = {5},
  Journal..psychological = {Psychological review},
  Author..spence. = {Spence, Kenneth W},
  Volume..43.. = {43},
  Pages..427.. = {427},
  Year..1936.. = {1936},
  Doi..10.1037.h0056975.. = {10.1037/h0056975},
  Url..https...doi.org.10.1037.h0056975.. = {https://doi.org/10.1037/h0056975},
  Publisher..psychological = {Psychological Review Company}
}


@Article{warren1965comparative,
  Title..the = {The comparative psychology of learning},
  Author..warren. = {Warren, John M},
  Year..1965.. = {1965},
  Volume..16.. = {16},
  Number..1.. = {1},
  Journal..annual = {Annual review of psychology},
  Pages..95..118.. = {95--118},
  Doi..10.1146.annurev.ps.16.020165.000523.. = {10.1146/annurev.ps.16.020165.000523},
  Url..https...doi.org.10.1146.annurev.ps.16.020165.000523.. = {https://doi.org/10.1146/annurev.ps.16.020165.000523},
  Publisher..annual = {Annual Reviews 4139 El Camino Way, PO Box 10139, Palo Alto, CA 94303-0139, USA}
}


@Article{lea2020behavioral,
  Year..2020.. = {2020},
  Title..behavioral = {Behavioral flexibility: A review, a model, and some exploratory tests},
  Volume..48.. = {48},
  Number..1.. = {1},
  Publisher..springer. = {Springer},
  Author..lea. = {Lea, Stephen EG and Chow, Pizza KY and Leaver, Lisa A and McLaren, Ian PL},
  Journal..learning = {Learning \& Behavior},
  Pages..173..187.. = {173--187},
  Doi..10.3758.s13420.020.00421.w.. = {10.3758/s13420-020-00421-w},
  Url..https...doi.org.10.3758.s13420.020.00421.w.. = {https://doi.org/10.3758/s13420-020-00421-w}
}


@Article{blaisdell2021more,
  Journal..peer = {Peer Community Journal},
  Volume..1.. = {1},
  Title..do = {Do the more flexible individuals rely more on causal cognition? Observation versus intervention in causal inference in great-tailed grackles},
  Author..blaisdell. = {Blaisdell, Aaron and Seitz, Benjamin and Rowney, Carolyn and Folsom, Melissa and MacPherson, Maggie and Deffner, Dominik and Logan, Corina J},
  Doi..https...doi.org.10.24072.pcjournal.44.. = {https://doi.org/10.24072/pcjournal.44},
  Year..2021. = {2021}
}


@Article{stan2019stan,
  Title..stan = {Stan modeling language users guide and reference manual},
  Author..stan = {Stan Development Team and others},
  Journal..technical = {Technical report},
  Year..2019. = {2019}
}


@Manual{rethinking2020,
  Author = {Richard McElreath},
  Note = {R package version 2.00},
  Title = {rethinking: Statistical Rethinking book package},
  Year = {2020}
}


@Article{logan2022manyindividuals,
  Year..2022.. = {2022},
  Title..how = {How to succeed in human modified environments},
  Author..logan. = {Logan, C J. and Shaw, R. and Lukas, D. and McCune, K B},
  Journal..in = {In principle acceptance by PCI Ecology of the version on 8 Sep 2022},
  Doi.. = {https://doi.org/10.17605/OSF.IO/346AF},
  Url..http...corinalogan.com.manyindividuals.mi1.html. = {http://corinalogan.com/ManyIndividuals/mi1.html}
}


@Article{logan2021inhibition,
  Year..2021. = {2021},
  Author..logan. = {Logan, Corina J and McCune, Kelsey and MacPherson, Maggie and Johnson-Ulrich, Zoe and Rowney, Carolyn and Seitz, Benjamin and Blaisdell, Aaron and Deffner, Dominik and Wascher, Claudia},
  Title..are = {Are the more flexible great-tailed grackles also better at behavioral inhibition?},
  Url..psyarxiv.com.vpc39.. = {psyarxiv.com/vpc39},
  Doi..10.31234.osf.io.vpc39.. = {10.31234/osf.io/vpc39},
  Journal..psyarxiv.. = {PsyArXiv}
}


@Article{logan2020xpop,
  Year..2020.. = {2020},
  Author..logan. = {Logan, CJ, and McCune, KB, and Chen, N, and Lukas, D},
  Title..implementing = {Implementing a rapid geographic range expansion - the role of behavior and habitat changes. http://corinalogan.com/Preregistrations/gxpopbehaviorhabitat.html},
  Journal..in = {In principle acceptance by PCI Ecology of the version on 6 Oct 2020},
  Doi..https...doi.org.10.24072.pci.ecology.100062.. = {https://doi.org/10.24072/pci.ecology.100062},
  Url..http...corinalogan.com.preregistrations.gxpopbehaviorhabitat.html. = {http://corinalogan.com/Preregistrations/gxpopbehaviorhabitat.html}
}


@Article{federspiel2017adjusting,
  Journal..animal = {Animal cognition},
  Number..1.. = {1},
  Publisher..springer. = {Springer},
  Volume..20.. = {20},
  Year..2017.. = {2017},
  Title..adjusting = {Adjusting foraging strategies: a comparison of rural and urban common mynas (Acridotheres tristis)},
  Author..federspiel. = {Federspiel, Ira G and Garland, Alexis and Guez, David and Bugnyar, Thomas and Healy, Susan D and G{\"u}nt{\"u}rk{\"u}n, Onur and Griffin, Andrea S},
  Pages..65..74.. = {65--74},
  Doi..10.1007.s10071.016.1045.7.. = {10.1007/s10071-016-1045-7},
  Url..https...doi.org.10.1007.s10071.016.1045.7.. = {https://doi.org/10.1007/s10071-016-1045-7}
}


@Article{chow2016practice,
  Journal..animal = {Animal behaviour},
  Publisher..elsevier. = {Elsevier},
  Year..2016.. = {2016},
  Title..how = {How practice makes perfect: the role of persistence, flexibility and learning in problem-solving efficiency},
  Volume..112.. = {112},
  Author..chow. = {Chow, Pizza Ka Yee and Lea, Stephen EG and Leaver, Lisa A},
  Pages..273..283.. = {273--283},
  Doi..10.1016.j.anbehav.2015.11.014.. = {10.1016/j.anbehav.2015.11.014}
}


@Article{logan2016behavioral,
  Title..behavioral = {Behavioral flexibility in an invasive bird is independent of other behaviors},
  Year..2016.. = {2016},
  Author..logan. = {Logan, C J},
  Volume..4.. = {4},
  Journal..peerj.. = {PeerJ},
  Pages..e2215.. = {e2215},
  Doi..10.7717.peerj.2215.. = {10.7717/peerj.2215},
  Url..https...doi.org.10.7717.peerj.2215.. = {https://doi.org/10.7717/peerj.2215},
  Publisher..peerj = {PeerJ Inc.}
}


@Manual{rcoreteam,
  Address = {Vienna, Austria},
  Author = {R Core Team},
  Organization = {R Foundation for Statistical Computing},
  Title = {R: A Language and Environment for Statistical},
  Year = {2023},
  Url = {https://www.R-project.org}
}


@Article{mikhalevich_is_2017,
  Author = {Mikhalevich, Irina and Powell, Russell and Logan, Corina},
  Journal = {Interface Focus},
  Month = {jun},
  Number = {3},
  Pages = {20160121},
  Title = {Is behavioural flexibility evidence of cognitive complexity? {How} evolution can inform comparative cognition},
  Volume = {7},
  Year = {2017},
  Url = {http://rsfs.royalsocietypublishing.org/lookup/doi/10.1098/rsfs.2016.0121},
  Doi = {10.1098/rsfs.2016.0121},
  Language = {en},
  Issn = {2042-8898, 2042-8901},
  Urldate = {2017-05-29},
  Shorttitle = {Is behavioural flexibility evidence of cognitive complexity?}
}


@Article{bond2007serial,
  Number..4.. = {4},
  Journal..journal = {Journal of Comparative Psychology},
  Publisher..american = {American Psychological Association},
  Year..2007.. = {2007},
  Volume..121.. = {121},
  Title..serial = {Serial reversal learning and the evolution of behavioral flexibility in three species of North American corvids (Gymnorhinus cyanocephalus, Nucifraga columbiana, Aphelocoma californica).},
  Author..bond. = {Bond, Alan B and Kamil, Alan C and Balda, Russell P},
  Pages..372.. = {372},
  Doi..https...doi.org.10.1037.0735.7036.121.4.372.. = {https://doi.org/10.1037/0735-7036.121.4.372}
}


@Article{deffner2020dynamic,
  Year..2020.. = {2020},
  Publisher..the = {The Royal Society},
  Volume..7.. = {7},
  Journal..royal = {Royal Society Open Science},
  Title..dynamic = {Dynamic social learning in temporally and spatially variable environments},
  Number..12.. = {12},
  Author..deffner. = {Deffner, Dominik and Kleinow, Vivien and McElreath, Richard},
  Pages..200734.. = {200734},
  Doi..10.1098.rsos.200734.. = {10.1098/rsos.200734}
}


@Article{doya2007reinforcement,
  Volume..1.. = {1},
  Number..1.. = {1},
  Year..2007.. = {2007},
  Publisher..taylor = {Taylor \& Francis},
  Title..reinforcement = {Reinforcement learning: Computational theory and biological mechanisms},
  Author..doya. = {Doya, Kenji},
  Journal..hfsp = {HFSP journal},
  Pages..30.. = {30},
  Doi..10.2976.1.2732246.10.2976.1.. = {10.2976/1.2732246/10.2976/1}
}


@Article{griffin2013tracking,
  Journal..plos = {PloS one},
  Publisher..public = {Public Library of Science San Francisco, USA},
  Volume..8.. = {8},
  Year..2013.. = {2013},
  Author..griffin. = {Griffin, Andrea S and Guez, David and Lermite, Fran{\c{c}}oise and Patience, Madeleine},
  Number..12.. = {12},
  Title..tracking = {Tracking changing environments: innovators are fast, but not flexible learners},
  Pages..e84907.. = {e84907},
  Doi..10.1371.journal.pone.0084907.. = {10.1371/journal.pone.0084907},
  Url..https...doi.org.10.1371.journal.pone.0084907.. = {https://doi.org/10.1371/journal.pone.0084907}
}


@Article{jang2015role,
  Title..the = {The role of frontal cortical and medial-temporal lobe brain areas in learning a Bayesian prior belief on reversals},
  Journal..journal = {Journal of Neuroscience},
  Year..2015.. = {2015},
  Number..33.. = {33},
  Volume..35.. = {35},
  Author..jang. = {Jang, Anthony I and Costa, Vincent D and Rudebeck, Peter H and Chudasama, Yogita and Murray, Elisabeth A and Averbeck, Bruno B},
  Pages..11751..11760.. = {11751--11760},
  Publisher..soc = {Soc Neuroscience}
}


@Article{neftci2019reinforcement,
  Volume..1.. = {1},
  Number..3.. = {3},
  Publisher..nature = {Nature Publishing Group},
  Year..2019.. = {2019},
  Journal..nature = {Nature Machine Intelligence},
  Title..reinforcement = {Reinforcement learning in artificial and biological systems},
  Author..neftci. = {Neftci, Emre O and Averbeck, Bruno B},
  Pages..133..143.. = {133--143}
}


@Article{bartolo2020prefrontal,
  Year..2020.. = {2020},
  Publisher..elsevier. = {Elsevier},
  Number..6.. = {6},
  Volume..106.. = {106},
  Title..prefrontal = {Prefrontal cortex predicts state switches during reversal learning},
  Author..bartolo. = {Bartolo, Ramon and Averbeck, Bruno B},
  Journal..neuron.. = {Neuron},
  Pages..1044..1054.. = {1044--1054}
}


@Article{bari2022reinforcement,
  Journal..behavioral = {Behavioral neuroscience},
  Year..2022.. = {2022},
  Publisher..american = {American Psychological Association},
  Number..1.. = {1},
  Title..reinforcement = {Reinforcement learning modeling reveals a reward-history-dependent strategy underlying reversal learning in squirrel monkeys.},
  Author..bari. = {Bari, Bilal A and Moerke, Megan J and Jedema, Hank P and Effinger, Devin P and Cohen, Jeremiah Y and Bradberry, Charles W},
  Volume..136.. = {136},
  Pages..46.. = {46}
}


@Article{cohen2007should,
  Journal..philosophical = {Philosophical Transactions of the Royal Society B: Biological Sciences},
  Publisher..the = {The Royal Society London},
  Year..2007.. = {2007},
  Author..cohen. = {Cohen, Jonathan D and McClure, Samuel M and Yu, Angela J},
  Title..should = {Should I stay or should I go? How the human brain manages the trade-off between exploitation and exploration},
  Volume..362.. = {362},
  Number..1481.. = {1481},
  Pages..933..942.. = {933--942}
}


@Article{dhawan2019more,
  Publisher..elsevier. = {Elsevier},
  Year..2019.. = {2019},
  Journal..behavioural = {Behavioural Brain Research},
  Title..more = {More rapid reversal learning following overtraining in the rat is evidence that behavioural and cognitive flexibility are dissociable},
  Author..dhawan. = {Dhawan, Sandeep S and Tait, David S and Brown, Verity J},
  Volume..363.. = {363},
  Pages..45..52.. = {45--52}
}


@Article{metha2020separating,
  Year..2020.. = {2020},
  Journal..frontiers = {Frontiers in behavioral neuroscience},
  Publisher..frontiers = {Frontiers Media SA},
  Volume..13.. = {13},
  Title..separating = {Separating probability and reversal learning in a novel Probabilistic Reversal Learning task for mice},
  Author..metha. = {Metha, Jeremy A and Brian, Maddison L and Oberrauch, Sara and Barnes, Samuel A and Featherby, Travis J and Bossaerts, Peter and Murawski, Carsten and Hoyer, Daniel and Jacobson, Laura H},
  Pages..270.. = {270}
}


@Article{morand2022cognitive,
  Year..2022.. = {2022},
  Author..morand.ferron. = {Morand-Ferron, Julie and Reichert, Michael S and Quinn, John L},
  Number..1.. = {1},
  Publisher..springer. = {Springer},
  Journal..learning = {Learning \& Behavior},
  Volume..50.. = {50},
  Title..cognitive = {Cognitive flexibility in the wild: Individual differences in reversal learning are explained primarily by proactive interference, not by sampling strategies, in two passerine bird species},
  Pages..153..166.. = {153--166},
  Doi..https...doi.org.10.3758.s13420.021.00505.1.. = {https://doi.org/10.3758/s13420-021-00505-1}
}
